@Book{1995billingsleyProbabilityMeasure,
  title = {Probability and {{Measure}}},
  author = {Billingsley, Patrick},
  date = {1995},
  publisher = {{Wiley}},
  series = {Wiley Series in Probability and Statistics}
}
